@Article{wang2014quantifying,
  Publisher = {National Bureau of Economic Research},
	author = {Wang, Zhi and Wei, Shang-Jin and Zhu, Kunfu},
	title = {Quantifying international production sharing at the bilateral and sector levels},
	year = {2014},
}

@Article{timmer2012world,
	author = {Timmer, Marcel and Erumban, A. A. and Gouma, R. and Los, B. and Temurshoev, U. and de Vries, G. J. and Arto, I.},
	title = {The world input-output database (WIOD): contents, sources and methods},
	journal = {WIOD Background document available at www. wiod. org},
	year = {2012},
}